@article{hu2018mlsmpmcpic,
	title={A Moving Least Squares Material Point Method with Displacement Discontinuity and Two-Way Rigid Body Coupling},
	author={Hu, Yuanming and Fang, Yu and Ge, Ziheng and Qu, Ziyin and Zhu, Yixin and Pradhana, Andre and Jiang, Chenfanfu},
	journal={ACM Transactions on Graphics (TOG)},
	volume={37},
	number={4},
	pages={150},
	year={2018},
	publisher={ACM}
}