@article{ruprecht1995image,
	title={Image warping with scattered data interpolation},
	author={Ruprecht, Detlef and Muller, Heinrich},
	journal={IEEE Computer Graphics and Applications},
	volume={15},
	number={2},
	pages={37--43},
	year={1995},
	publisher={IEEE}
}

@inproceedings{arad1995image,
	title={Image warping using few anchor points and radial functions},
	author={Arad, Nur and Reisfeld, Daniel},
	booktitle={Computer graphics forum},
	volume={14},
	number={1},
	pages={35--46},
	year={1995},
	organization={Wiley Online Library}
}

