@incollection{perez2003poisson,
	title={Poisson image editing},
	author={P{\'e}rez, Patrick and Gangnet, Michel and Blake, Andrew},
	booktitle={ACM SIGGRAPH 2003 Papers},
	pages={313--318},
	year={2003}
}
