@article{Fast,
	title={Fast simulation of mass-spring systems},
	journal={Acm Transactions on Graphics},
	volume={32},
	number={6},
	pages={1-7},
}