@inproceedings{liu2008local,
	title={A local/global approach to mesh parameterization},
	author={Liu, Ligang and Zhang, Lei and Xu, Yin and Gotsman, Craig and Gortler, Steven J},
	booktitle={Computer Graphics Forum},
	volume={27},
	number={5},
	pages={1495--1504},
	year={2008},
	organization={Wiley Online Library}
}