@article{floater1997parametrization,
	title={Parametrization and smooth approximation of surface triangulations},
	author={Floater, Michael S and others},
	journal={Computer aided geometric design},
	volume={14},
	number={3},
	pages={231--250},
	year={1997}
}